@article{hagerty2013case,
  title={Case study of ecstatic meditation: fMRI and EEG evidence of self-stimulating a reward system},
  author={Hagerty, Michael R and Isaacs, Julian and Brasington, Leigh and Shupe, Larry and Fetz, Eberhard E and Cramer, Steven C},
  journal={Neural plasticity},
  volume={2013},
  year={2013},
  publisher={Hindawi}
}
@article{carhart2012neural,
	title={Neural correlates of the psychedelic state as determined by fMRI studies with psilocybin},
	author={Carhart-Harris, Robin L and Erritzoe, David and Williams, Tim and Stone, James M and Reed, Laurence J and Colasanti, Alessandro and Tyacke, Robin J and Leech, Robert and Malizia, Andrea L and Murphy, Kevin and others},
	journal={Proceedings of the National Academy of Sciences},
	volume={109},
	number={6},
	pages={2138--2143},
	year={2012},
	publisher={National Acad Sciences}
}
@article{mckenna1993invisible,
	title={The invisible landscape: Mind, hallucinogens, and the I Ching},
	author={McKenna, Terence K},
	year={1993}
}
@book{mckenna1999food,
	title={Food of the Gods: The Search for the Original Tree of Knowledge: A radical history of plants, drugs and human evolution},
	author={McKenna, Terence},
	year={1999},
	publisher={Random House}
}